@misc{MobileAppArchitecture,
  author={Toni Vujevic},
  title={{The Mobile App Architecture Guide}},
  howpublished = {จากเว็บไซต์ \url{https://decode.agency/article/mobile-app-architecture/}},
  year={2566}, 
  note = "[ออนไลน์; วันที่สืบค้น 28 พฤศจิกายน 2566]"
}

@misc{MobileAppArchitectureOverview,
  author={Toni Vujevic},
  title={{Mobile App Architecture Overview}},
  howpublished = {จากเว็บไซต์ \url{https://decode.agency/wp-content/uploads/2023/05/Frame-6435.svg}},
  year={2566}, 
  note = "[ออนไลน์; วันที่สืบค้น 28 พฤศจิกายน 2566]"
}

@misc{PresentationLayer,
  author={Toni Vujevic},
  title={{Presentation Layer}},
  howpublished = {จากเว็บไซต์ \url{https://decode.agency/wp-content/uploads/2023/05/1.30-Investment-stock-Detail.svg}},
  year={2566}, 
  note = "[ออนไลน์; วันที่สืบค้น 28 พฤศจิกายน 2566]"
}

@misc{BusinessLayer,
  author={Toni Vujevic},
  title={{Business Layer}},
  howpublished = {จากเว็บไซต์ \url{https://decode.agency/wp-content/uploads/2023/05/Group-6376.svg}},
  year={2566}, 
  note = "[ออนไลน์; วันที่สืบค้น 28 พฤศจิกายน 2566]"
}

@misc{HTTPProtocol,
  author={Rufai Mustapha},
  title={{What is HTTP? Protocol Overview for Beginners}},
  howpublished = {จากเว็บไซต์ \url{https://www.freecodecamp.org/news/what-is-http/#introduction-to-http}},
  year={2566}, 
  note = "[ออนไลน์; วันที่สืบค้น 28 พฤศจิกายน 2566]"
}

@misc{HTTPCycle,
  author={Rufai Mustapha},
  title={{HTTP Request-Response Cycle}},
  howpublished = {จากเว็บไซต์ \url{https://www.freecodecamp.org/news/content/images/2023/04/http-client-server-RR.jpg}},
  year={2566}, 
  note = "[ออนไลน์; วันที่สืบค้น 28 พฤศจิกายน 2566]"
}

@misc{RestAPI,
  author={Settawat Janpuk},
  title={{\textthai{มาทำความรู้จักกับ REST API กันดีกว่า}}},
  howpublished = {จากเว็บไซต์ \url{https://medium.com/@settawatjanpuk/beginner-มาทำความรู้จักกับ-rest-api-กันดีกว่า-มีตัวอย่าง-c855d93beaf3}},
  year={2562}, 
  note = "[ออนไลน์; วันที่สืบค้น 28 พฤศจิกายน 2566]"
}

@misc{RestAPIDesign,
  author={Jerapa Beamgo Soonsongthanee},
  title={{\textthai{ออกแบบ RESTful API ยังไงให้ปัง}}},
  howpublished = {จากเว็บไซต์ \url{https://medium.com/@jerapabeamgosoonsongthanee/ออกแบบ-restful-api-ยังไงให้ปัง-69d2015bcc31}},
  year={2563}, 
  note = "[ออนไลน์; วันที่สืบค้น 28 พฤศจิกายน 2566]"
}

@misc{Pagination,
  author={Jerapa Beamgo Soonsongthanee},
  title={{Pagination}},
  howpublished = {จากเว็บไซต์ \url{https://miro.medium.com/v2/resize:fit:1400/format:webp/1*nBaoHvynrhkWFWifMW3avA.png}},
  year={2563}, 
  note = "[ออนไลน์; วันที่สืบค้น 28 พฤศจิกายน 2566]"
}

@misc{GraphDatabase,
  author={Tanabodin Kamol},
  title={{\textthai{Graph database มากกว่าที่คุณคิด}}},
  howpublished = {จากเว็บไซต์ \url{https://medium.com/icreativesystems/what-is-graph-database-d0206466f5ca}},
  year={2562}, 
  note = "[ออนไลน์; วันที่สืบค้น 28 พฤศจิกายน 2566]"
}

@misc{GraphDatabaseProperty,
  author={Tanabodin Kamol},
  title={{\textthai{Graph database property}}},
  howpublished = {จากเว็บไซต์ \url{https://miro.medium.com/v2/resize:fit:4800/format:webp/0*lsbatEPo6529Qcxw.jpg}},
  year={2562}, 
  note = "[ออนไลน์; วันที่สืบค้น 28 พฤศจิกายน 2566]"
}

@misc{DatabaseCompare,
  author={Amazon Web Services},
  title={{\textthai{ฐานข้อมูลแบบกราฟและฐานข้อมูลแบบเชิงสัมพันธ์แตกต่างกันอย่างไร}}},
  howpublished = {จากเว็บไซต์ \url{https://aws.amazon.com/th/compare/the-difference-between-graph-and-relational-database/}},
  note = "[ออนไลน์; วันที่สืบค้น 28 พฤศจิกายน 2566]"
}

@misc{UML,
  author={Saladpuk},
  title={{\textthai{UML พื้นฐาน - Saladpuk.com}}},
  howpublished = {จากเว็บไซต์ \url{https://www.saladpuk.com/basic/uml}},
  note = "[ออนไลน์; วันที่สืบค้น 28 พฤศจิกายน 2566]"
}

@misc{PrincipleDesign,
  author={Tao},
  title={{\textthai{Principle Design คือ อะไร ทำไม UX/UI Designer ต้องทำตาม}}},
  howpublished = {จากเว็บไซต์ \url{https://blog.clicknext.com/principle-design/}},
  note = "[ออนไลน์; วันที่สืบค้น 28 พฤศจิกายน 2566]"
}

@misc{Contrast,
  author={Tao},
  title={{Contrast}},
  howpublished = {จากเว็บไซต์ \url{https://blog.clicknext.com/wp-content/uploads/2020/12/cn_crap-01-1024x535.jpg}},
  note = "[ออนไลน์; วันที่สืบค้น 28 พฤศจิกายน 2566]"
}

@misc{Repetition,
  author={Tao},
  title={{Repetition}},
  howpublished = {จากเว็บไซต์ \url{https://blog.clicknext.com/wp-content/uploads/2020/12/cn_crap-02jpg-1024x535.jpg}},
  note = "[ออนไลน์; วันที่สืบค้น 28 พฤศจิกายน 2566]"
}

@misc{Alignment,
  author={Tao},
  title={{Alignment}},
  howpublished = {จากเว็บไซต์ \url{https://blog.clicknext.com/wp-content/uploads/2020/12/cn_crap-03-1024x535.jpg}},
  note = "[ออนไลน์; วันที่สืบค้น 28 พฤศจิกายน 2566]"
}

@misc{Proximity,
  author={Tao},
  title={{Proximity}},
  howpublished = {จากเว็บไซต์ \url{https://blog.clicknext.com/wp-content/uploads/2020/12/cn_crap-04-1024x535.jpg}},
  note = "[ออนไลน์; วันที่สืบค้น 28 พฤศจิกายน 2566]"
}

@misc{VSCode,
  author={mindphp},
  title={{\textthai{รู้จักกับ Visual Studio Code (วิชวล สตูดิโอ โค้ด) โปรแกรมฟรีจากค่ายไมโครซอฟท์}}},
  howpublished = {จากเว็บไซต์ \url{https://www.mindphp.com/บทความ/microsoft/4829-visual-studio-code.html}},
  year={2560},
  note = "[ออนไลน์; วันที่สืบค้น 28 พฤศจิกายน 2566]"
}

@misc{Pycharm,
  author={thaiall},
  title={{\textthai{ไพชาม (pycharm) ใช้เขียนไพทอน (python)}}},
  howpublished = {จากเว็บไซต์ \url{https://www.thaiall.com/pycharm/}},
  note = "[ออนไลน์; วันที่สืบค้น 28 พฤศจิกายน 2566]"
}

@misc{Colab,
  author={google research},
  title={{\textthai{ยินดีต้อนรับสู่ Colaboratory}}},
  howpublished = {จากเว็บไซต์ \url{https://colab.research.google.com/?hl=th}},
  note = "[ออนไลน์; วันที่สืบค้น 28 พฤศจิกายน 2566]"
}

@misc{Figma,
  author={skooldio},
  title={{\textthai{Figma คืออะไร ทำไมถึงเป็น Tool มาแรงที่สุดในวงการ Design}}},
  howpublished = {จากเว็บไซต์ \url{https://blog.skooldio.com/figma-ui-design-tool/}},
  year={2565},
  note = "[ออนไลน์; วันที่สืบค้น 28 พฤศจิกายน 2566]"
}

@misc{Lucidchart,
  author={ets kmutt},
  title={{Lucidchart}},
  howpublished = {จากเว็บไซต์ \url{https://techintegration.ets.kmutt.ac.th/content/tech-review/lucidchart}},
  note = "[ออนไลน์; วันที่สืบค้น 28 พฤศจิกายน 2566]"
}

@misc{ReactNative,
  author={codemobiles},
  title={{React-Native Programming}},
  howpublished = {จากเว็บไซต์ \url{https://www.codemobiles.co.th/online/course.php?id=react_native}},
  note = "[ออนไลน์; วันที่สืบค้น 28 พฤศจิกายน 2566]"
}

@misc{FastAPI,
  author={Sirasit Boonklang},
  title={{\textthai{มาทำความรู้จักกับ Fast API}}},
  howpublished = {จากเว็บไซต์ \url{https://www.borntodev.com/2021/10/08/มาทำความรู้จักกับ-fast-api/}},
  year={2565},
  note = "[ออนไลน์; วันที่สืบค้น 28 พฤศจิกายน 2566]"
}

@misc{Neo4j,
  author={AppMaster},
  title={{\textthai{ฐานข้อมูลกราฟ Neo4j: ความสามารถและผลกำไรสำหรับธุรกิจของคุณ}}},
  howpublished = {จากเว็บไซต์ \url{https://appmaster.io/th/blog/thaankh-muulkraaf-neo4j}},
  year={2565},
  note = "[ออนไลน์; วันที่สืบค้น 28 พฤศจิกายน 2566]"
}

@misc{Content-Based,
  author={Michael J. Pazzani and Daniel Billsus },
  title={{\textthai{Content-Based Recommendation Systems}}},
  howpublished = {จากเว็บไซต์ \url{https://link.springer.com/chapter/10.1007/978-3-540-72079-9_10}},
  note = "[ออนไลน์; วันที่สืบค้น 28 พฤศจิกายน 2566]"
}

@misc{Item-Based,
  author={Badrul Sarwar and George Karypis and Joseph Konstan and and John Ried},
  title={{\textthai{Item-Based Collaborative Filtering Recommendation Algorithms}}},
  howpublished = {จากเว็บไซต์ \url{https://www.ra.ethz.ch/cdstore/www10/papers/pdf/p519.pdf}},
  note = "[ออนไลน์; วันที่สืบค้น 28 พฤศจิกายน 2566]"
}

@misc{Content-Boosted,
  author={Prem Melville and Raymond J. Mooney and Ramadass Nagarajan},
  title={{\textthai{Content-Boosted Collaborative Filtering for Improved Recommendations}}},
  howpublished = {จากเว็บไซต์ \url{https://www.cs.utexas.edu/~ml/papers/cbcf-aaai-02.pdf}},
  note = "[ออนไลน์; วันที่สืบค้น 28 พฤศจิกายน 2566]"
}

@misc{recommendation,
  author={Francesco Ricci and Lior Rokach and Bracha Shapira and Paul B. Kantor},
  title={{\textthai{Recommender Systems Handbook}}},
  howpublished = {จากเว็บไซต์ \url{https://link.springer.com/book/10.1007/978-0-387-85820-3}},
  note = "[ออนไลน์; วันที่สืบค้น 28 พฤศจิกายน 2566]"
}

@misc{NLPforContentbase,
  author={Melania Berbatova},
  title={{\textthai{Overview on NLP Techniques for Content-Based Recommender Systems for Books}}},
  howpublished = {จากเว็บไซต์ \url{https://aclanthology.org/R19-2009.pdf}},
  note = "[ออนไลน์; วันที่สืบค้น 28 พฤศจิกายน 2566]"
}

@misc{WordEmbedding,
  author={Oren Barkan and Noam Koenigstein},
  title={{\textthai{ITEM2VEC: Neural item embedding for collaborative filtering}}},
  howpublished = {จากเว็บไซต์ \url{https://ieeexplore.ieee.org/abstract/document/7738886}},
  note = "[ออนไลน์; วันที่สืบค้น 28 พฤศจิกายน 2566]"
}

@misc{WordEmbeddingForCollaborative,
  author={Daniel Valcarcea and Alfonso Landina and Javier Parapara andAlvaro Barreiroa},
  title={{\textthai{Collaborative Filtering Embeddingsfor Memory-based Recommender Systems}}},
  howpublished = {จากเว็บไซต์ \url{https://www.researchgate.net/publication/334697349_Collaborative_filtering_embeddings_for_memory-based_recommender_systems}},
  note = "[ออนไลน์; วันที่สืบค้น 28 พฤศจิกายน 2566]"
}

@misc{Transformers,
  author={Ashish Vaswani and Noam Shazeer and Niki Parmar and Jakob Uszkoreit and Llion Jones and Aidan N. Gomez and Lukasz Kaiser and Illia Polosukhin},
  title={{\textthai{Attention Is All You Need}}},
  howpublished = {จากเว็บไซต์ \url{https://arxiv.org/abs/1706.03762}},
  note = "[ออนไลน์; วันที่สืบค้น 28 พฤศจิกายน 2566]"
}

@misc{mT5,
  author={Linting Xue และ Noah Constant และ Adam Roberts และ Mihir Kale และ Rami Al-Rfou และ Aditya Siddhant และ Aditya Barua และ Colin Raffel},
  title={{\textthai{BERT: Pre-training of Deep Bidirectional Transformers for Language Understanding}}},
  howpublished = {จากเว็บไซต์ \url{https://arxiv.org/abs/1810.04805}},
  note = "[ออนไลน์; วันที่สืบค้น 28 พฤศจิกายน 2566]"
}

@misc{BERT,
  author={Jacob Devlin and Ming-Wei Chang and Kenton Lee and Kristina Toutanova},
  title={{\textthai{BERT: Pre-training of Deep Bidirectional Transformers for Language Understanding}}},
  howpublished = {จากเว็บไซต์ \url{https://arxiv.org/abs/1810.04805}},
  note = "[ออนไลน์; วันที่สืบค้น 28 พฤศจิกายน 2566]"
}

@misc{LSTM,
  author={Stephen Merity and Nitish Shirish Keskar and Richard Socher},
  title={{\textthai{Regularizing and Optimizing LSTM Language Models}}},
  howpublished = {จากเว็บไซต์ \url{https://arxiv.org/abs/1708.02182}},
  note = "[ออนไลน์; วันที่สืบค้น 28 พฤศจิกายน 2566]"
}

@misc{Git,
  author={stackpython},
  title={{\textthai{ทำความรู้จัก Git \& GitHub พร้อมการใช้งานร่วมกับ VS Code เบื้องต้น}}},
  howpublished = {จากเว็บไซต์ \url{https://stackpython.medium.com/ทำความรู้จัก-git-github-พร้อมการใช้งานร่วมกับ-vs-code-เบื้องต้น-f848f41a39e9}},
  year={2563},
  note = "[ออนไลน์; วันที่สืบค้น 28 พฤศจิกายน 2566]"
}

@misc{Jest,
  author={stackpython},
  title={{\textthai{Jest คืออะไร เริ่มต้นเขียน Test ด้วย Jest กันดีกว่า}}},
  howpublished = {จากเว็บไซต์ \url{https://blog.devahoy.com/blog/2019/08/getting-started-with-testing-and-jest}},
  year={2562},
  note = "[ออนไลน์; วันที่สืบค้น 28 พฤศจิกายน 2566]"
}

@misc{Fshape,
  author={Nick Babich},
  title={{\textthai{F-Shaped Pattern for Reading Content}}},
  howpublished = {จากเว็บไซต์ \url{https://uxplanet.org/f-shaped-pattern-for-reading-content-80af79cd3394}},
  year={2560},
  note = "[ออนไลน์; วันที่สืบค้น 28 พฤศจิกายน 2566]"
}